% Encoding: UTF-8

@Article{Grovesetal2006,
  author    = {Robert M. Groves and Mick P. Couper and Stanley Presser and Eleanor Singer and Roger Tourangeau and Giorgina Piani Acosta and Lindsay Nelson},
  title     = {Experiments in Producing Nonresponse Bias},
  journal   = {Public Opinion Quarterly},
  year      = {2006},
  volume    = {70},
  number    = {5},
  pages     = {720--736},
  doi       = {10.1093/poq/nfl036},
  publisher = {Oxford University Press ({OUP})}
}
